2362 3151
2041 238 2072 287 5

345 382 550 438 Reliquae
572 393 672 424 vero
687 380 930 435 Patavinae,
956 380 1199 437 peregrinae
1221 381 1383 434 saltem,
1405 382 1561 425 formae
1584 382 1659 424 hae
1678 389 1777 426 sunt
1797 397 1861 440 ap.
1878 382 2065 426 Liviume

210 454 464 513 Aspreta,
493 450 616 508 plur„
636 463 744 509 quae
767 451 1034 494 inveniuntur
1051 448 1150 504 ΙΧ.,
1168 450 1240 495 24
1258 457 1300 493 et
1319 450 1389 495 35.
1417 449 1622 505 XXXV„
1643 452 1717 496 28.
1739 451 1966 506 XXXVI„
1984 452 2067 509 15.

210 532 324 571 sunt
338 522 454 566 saxis
492 533 638 578 aspera
663 522 754 563 loca
778 523 867 564 sive
895 522 1138 577 confragosa
1166 518 1391 572 xxvltt„
1420 521 1462 563 2.
1491 522 1581 565 init.
1644 520 1724 566 Cff.
1752 523 1997 578 interpretes
2027 531 2068 565 et

207 597 434 641 Rhenanus
468 591 517 634 ad
543 590 638 635 Liv.
662 589 865 645 XXVII„
893 591 982 644 49„
1006 590 1051 634 8.
1078 590 1183 647 apud
1208 552 1520 633 Drakenborch.
1573 593 1925 645 Adhortatus,
1960 593 2067 645 „der

209 663 530 713 Ennaton-ew,
559 659 631 712 ll„
660 660 746 713 58,
775 661 819 704 7.
861 661 931 713 „si
960 660 1198 702 adhortator
1230 661 1374 715 operis
1395 661 1592 703 adesset“
1630 671 1670 703 et
1707 662 1896 718 saepinS,
1938 663 2065 704 veluti

206 729 412 792 XXXlI„
435 730 508 774 25.
533 731 653 784 med„
694 745 773 787 qno
802 730 892 774 loco
921 726 1197 783 Gronovius,
1203 730 1268 783 ,ad
1295 730 1369 774 hos
1397 733 1572 773 orator“
1598 732 1785 788 scripsit,
1825 731 1931 789 quod
1961 730 2067 775 Dra-

205 801 429 847 kenborch.
457 801 644 858 probavit
679 801 862 857 quidem,
899 814 1039 843 verum
1082 814 1163 843 non
1202 801 1372 857 recepit.
1439 799 1608 844 Casse
1647 803 1952 858 „vergeblieh“
1991 817 2064 858 pro

206 874 465 927 „incassum‘
470 869 690 923 ⁴XX1V„
720 871 809 923 26„
837 870 945 924 10.‚
952 885 1087 922 ,casse
1113 884 1165 912 ne
1193 878 1350 926 tempus
1375 874 1610 913 tereretur“
1676 870 1744 915 Cf.
1762 871 1886 914 Fabri
1908 873 1957 914 ad
1980 873 2018 914 h.
2034 873 2060 914 l.

206 942 439 999 Clipeum
474 954 626 998 genere
663 948 810 983 neutro
846 939 941 983 Liv.
973 939 1137 998 1.‚,43.‚
1177 939 1355 996 itemque
1378 938 1526 997 Virgil.
1554 940 1662 984 Aen.
1693 940 1789 994 ΙΧ.,
1816 940 1913 986 709.
1943 942 2060 985 dixit.

205 1012 288 1055 Sed
310 1011 482 1054 Asinius
507 1010 714 1061 urbanus,
741 1018 786 1051 ut
814 1017 992 1052 testatur
1014 1008 1255 1066 Charisius,
1292 1010 1533 1064 „elipeum“
1563 1011 1788 1053 masculino
1818 1025 1968 1067 genere
1994 1026 2063 1067 po·

190 1082 299 1126 suit.
355 1079 422 1124 Cf.
452 1079 763 1123 Drakenborch.
788 1080 838 1121 ad
867 1078 962 1122 Liv.
991 1075 1020 1123 l'.
1045 1079 1074 1121 l.
1138 1076 1521 1122 consulariter
1544 1078 1638 1132 lV„
1670 1079 1753 1133 10„
1779 1081 1820 1125 9.
1865 1081 2061 1136 „vitaque

201 1151 334 1195 omnis
370 1150 646 1193 consulariter
671 1151 811 1192 acta“.
863 1146 930 1192 Cf.
948 1148 1255 1202 Weissenborn
1282 1149 1332 1191 ad
1354 1149 1392 1191 b.
1418 1148 1452 1191 l..
1489 1148 1798 1193 Desuetudo
1827 1149 1876 1202 Ι.,
1906 1150 1989 1204 19.,
2017 1151 2059 1193 2.

202 1221 500 1278 „mitigandum
529 1221 707 1263 ferocem
736 1218 926 1276 populum
956 1232 1160 1281 armorum
1189 1219 1458 1263 desuetudine
1475 1222 1625 1263 ratus“
1654 1235 1677 1263 a
1696 1218 1808 1264 lctis
1829 1228 1970 1277 postea
1998 1234 2062 1263 re-

203 1299 318 1348 cepta
360 1299 437 1334 est.
499 1285 843 1345 Discrepatio
868 1289 942 1342 X„
972 1282 1040 1332 18.
1062 1304 1229 1345 „quum
1266 1303 1315 1331 ea
1349 1290 1437 1346 ipsa
1467 1290 1575 1332 inter
1601 1292 1793 1334 consules
1822 1290 1872 1334 P.
1901 1291 1953 1333 R.
1983 1292 2065 1333 dis-

200 1362 381 1419 crepatio
398 1362 569 1414 fuerit“‚
592 1360 796 1417 significat
818 1360 1167 1417 „discrepantiam
1187 1358 1464 1413 voluntatis“‚
1489 1375 1595 1417 quae
1614 1361 1765 1417 legitur
1782 1377 1847 1418 ap.
1864 1360 2060 1405 Ciceron.

199 1433 309 1488 Top.
333 1432 405 1474 25.
426 1439 535 1473 extr.
583 1430 857 1472 Hosticum
889 1445 962 1486 pro
981 1437 1127 1486 „terra
1151 1430 1340 1482 bostili“,
1371 1429 1733 1483 „Feindesland“,
1761 1433 1970 1474 invenitur
1994 1447 2060 1487 ap.
2128 1423 2130 1426 ’

197 1488 296 1544 Liv.'
311 1500 403 1554 Vl„
433 1502 502 1543 31.
553 1500 775 1553 „Romano
801 1501 920 1542 etiam
949 1500 991 1541 in
1022 1499 1181 1542 hostico
1211 1501 1394 1542 morandi
1419 1515 1545 1542 eausa
1572 1505 1713 1542 erat.“
1762 1500 1892 1554 Vlll„
1920 1502 1990 1543 34.
2020 1509 2060 1542 et

197 1571 268 1615 38.
295 1571 386 1614 init.
443 1569 730 1626 Adstipulatur
750 1568 872 1612 Livio
895 1568 1056 1612 Plinius
1082 1566 1290 1626 Panegyr.
1319 1583 1355 1611 c.
1380 1568 1452 1613 29.
1494 1570 1561 1612 ubi
1599 1584 1688 1623 „ex
1722 1571 1877 1613 hostico
1915 1577 2057 1627 raptae

197 1644 389 1683 messes“
419 1647 531 1681 sunt.
585 1638 911 1694 Legiuncula
940 1637 1146 1689 XXXV„
1172 1638 1261 1688 49„
1292 1638 1362 1680 10.
1400 1639 1627 1690 „videretis
1654 1640 1725 1680 vix
1751 1641 1919 1681 duarum
1949 1641 2056 1681 male

192 1711 407 1766 plenarum
442 1709 765 1765 legiuncularum
801 1707 934 1750 instar
972 1708 1013 1749 in
1053 1707 1201 1750 eastris
1239 1707 1399 1764 regis“.
1464 1707 1547 1750 Pro
1586 1710 2055 1766 peregrinabundo

196 1778 525 1832 XXV111.,18.
566 1793 681 1831 „non
722 1777 1114 1833 peregrinabundum
1157 1785 1313 1819 tantum
1356 1779 1497 1820 ducem
1525 1777 1754 1820 Romanum
1796 1780 1838 1821 in
1875 1780 2056 1821 Africani

197 1850 409 1908 trajecisse
439 1851 583 1902 sese“‚
626 1846 775 1892 Cicero
805 1847 1142 1903 ‚‚peregrinans“
1172 1846 1281 1889 dicit.
1347 1847 1563 1905 Adjectiva
1601 1856 1735 1891 autem
1775 1850 1815 1891 in
1855 1851 2056 1903 „undus“

178 1921 390 1984 ¹exeuntia
420 1919 750 1976 frequentissima
776 1924 872 1959 su'nt
896 1932 962 1973 ap.
989 1916 1099 1969 Liv„
1136 1917 1337 1959 interdum
1376 1919 1478 1960 adeo
1505 1933 1594 1960 cum
1622 1921 1858 1961 accusativo
1892 1922 2054 1976 juncta,

162 2036 164 2038 ,
197 1990 246 2030 de
283 1990 428 2045 quibus
476 1989 568 2030 vide
604 1986 928 2034 Grammaticam,
959 1984 1136 2041 Zumptii
1178 1986 1216 2038 §.
1253 1986 1351 2028 248.
1392 1994 1433 2027 et
1465 1985 1685 2028 Hreizneri
1722 1987 1870 2043 Progr.
1910 2004 1951 2043 p.
1985 1989 2055 2030 30.

194 2058 486 2102 Rebellium
528 2047 1007 2114 „Rriegserneueruug“
1044 2053 1201 2108 XLtt„
1228 2054 1298 2098 21.
1345 2056 1447 2111 „qui
1488 2056 1634 2099 deditis
1666 2057 1813 2099 bellum
1842 2058 2054 2105 intulisset

194 2135 236 2171 et
260 2137 428 2184 pacatos
450 2123 743 2170 ad'rebellium
771 2126 1017 2168 incitasset“
1047 2139 1118 2181 pro
1147 2124 1370 2166 rebellione
1403 2128 1489 2177 est',
1529 2140 1633 2181 quae
1670 2126 1821 2182 legitur
1856 2142 1921 2183 ap.
1952 2126 2050 2170 Liv.

194 2195 329 2250 Vlll„
362 2197 428 2240 14.
477 2196 885 2253 Reprehensare
912 2185 983 2245 ll„
1013 2193 1097 2247 10.,
1121 2193 1162 2236 3.
1191 2193 1406 2250 „singulos
1430 2194 1786 2249 reprehensans“.
1853 2194 2052 2239 Crebrior

194 2275 327 2310 autem
353 2268 459 2324 apud
478 2266 574 2310 Liv.
601 2281 697 2308 usus
724 2273 794 2310 est,
812 2263 1030 2313 verborum
1057 2264 1476 2319 frequentativornm,
1509 2279 1613 2320 quae
1641 2266 1853 2319 dicuntur,
1886 2266 2049 2322 quibus,

193 2350 298 2390 qnae
321 2336 567 2394 exprimitur
589 2336 711 2387 actio,
740 2342 781 2376 et
806 2334 979 2376 iteretur
1005 2340 1046 2374 et
1069 2340 1281 2389 augeatur.
1328 2331 1406 2376 Cf.
1422 2331 1643 2376 Rreizner.
1691 2334 1838 2391 Progr.
1857 2336 1885 2378 l.
1913 2350 1953 2392 p.
1979 2335 2047 2378 13.

193 2403 256 2447 De
279 2406 630 2458 servitudine,
658 2418 761 2461 quae
786 2403 914 2446 semel
938 2417 1003 2458 ap.
1026 2401 1123 2445 Liv.
1129 2403 1296 2459 ›legitur
1311 2401 1496 2456 XXlV„
1578 2405 1691 2457 .,.,2
1713 2420 1831 2460 quum
1853 2405 2050 2449 solemnis

192 2473 322 2518 forma
347 2476 594 2530 „servitus“
617 2476 685 2528 sit,
719 2472 971 2531 grammatici
1004 2479 1188 2515 certant.
1224 2471 1391 2515 fulcitur
1425 2480 1562 2516 tamen
1589 2488 1612 2516 a
1631 2472 1773 2517 Festo.
1829 2472 1895 2518 Cf.
1922 2474 2050 2518 Fabri

193 2545 243 2585 ad
265 2545 294 2587 1.
320 2547 349 2588 1.
423 2545 690 2590 Variatio
723 2558 796 2600 pro
834 2541 1101 2596 „varietate“
1089 2546 1106 2569 ‘⁴
1134 2543 1343 2584 invenitur
1361 2541 1543 2596 XXIV„
1567 2544 1627 2597 9„
1651 2545 1693 2587 3.
1729 2546 1926 2597 „eosdem
1954 2561 2051 2588 con-

194 2613 305 2657 sules
333 2624 497 2659 ceterae
520 2609 730 2660 centnfriae
754 2613 842 2657 siue
865 2611 1093 2655 variatione
1117 2612 1201 2655 ulla
1228 2611 1474 2656 dixerunt“.

330 2683 504 2730 Festino
543 2686 593 2729 ad
626 2699 755 2729 novas
794 2683 946 2725 formas
982 2681 1220 2740 duplicatas.
1266 2680 1411 2739 'Quas
1447 2697 1470 2725 a
1504 2683 1742 2738 Patavinis,
1787 2693 1827 2727 ut
1874 2700 2048 2743 graecae

192 2752 355 2809 linguae
378 2758 618 2810 cultoribus»,
644 2756 785 2799 sedulo
808 2754 938 2796 cultas
962 2766 1055 2795 esse
1081 2757 1172 2796 cum
1197 2755 1462 2811 conjectura,
1489 2763 1571 2797 tum
1595 2770 1669 2797 usu
1694 2756 1901 2799 docemur.
1948 2757 2044 2800 Liv.

1710 2831 1727 2871 1
1745 2831 1765 2852 *
