2362 3151
1999 166 2031 213 9

169 326 269 361 sev-t.
291 315 370 358 51.
412 328 532 370 „quo
564 314 729 370 propius
767 314 867 356 mari
904 314 1061 356 fuer-51⁶⁴
1097 313 1254 355 scribit.
1299 312 1486 369 Denique
1511 312 1713 369 Virgilius
1743 319 1882 353 monet
1916 312 2027 353 Aen.

168 383 425 439 Viti-5556.
456 384 741 441 „propiusque
770 383 922 440 periclo
970 381 1009 426 lt
1050 382 1194 436 timor,
1237 390 1278 425 et
1306 383 1436 440 major
1462 382 1613 426 Martis
1650 389 1817 438 apparet
1843 382 2028 437 imago.“

167 455 437 506 Ciceronem,-
477 454 544 509 qni
574 453 785 510 „propius
820 454 870 496 ab
900 456 1035 496 ‹ortu“
1075 452 1206 495 Τιιεο.
1235 450 1353 508 Disp.
1385 451 1440 505 1.,
1479 453 1562 507 12„
1594 452 1662 495 26.
1701 459 1742 493 et
1776 452 1978 507 „propius
2007 465 2031 492 a

168 523 397 570 terris“.d·e
423 522 488 566 N.
514 521 565 566 D.
592 522 651 577 1.,=
674 522 763 576 31„
786 522 856 569 87.
884 523 1074 579 scripsit,
1109 522 1204 565 alibi
1232 522 1353 564 aliter
1380 522 1596 579 scripsisse
1625 535 1825 577 nusquam
1850 521 2030 563 invenio.

169 592 414 640 cfsflandii
442 593 630 637 Tursell.
658 593 755 636 Vol.
785 592 861 637 IV.
892 592 1053 650 psol.
1083 613 1085 615 ¹

307 662 422 706 Haec
447 677 591 720 pauca,
623 676 674 705 ne
694 662 804 719 longi
829 663 975 717 simus,
1006 663 1192 720 exempla
1211 663 1523 720 congruentiae,
1547 677 1663 720 quam
1681 663 1790 704 inter
1808 674 1882 704 eos
1899 661 2028 712 viros,

168 733 394 790 inquibus
435 742 548 776 recte
587 732 723 775 Gallia
751 732 1052 788 Transpadana
1091 734 1317 789 gloriatur,
1353 734 1527 789 reperiri
1563 734 1786 784 contendo,
1812 733 1901 774 boe
1939 732 2029 773 loco

167 802 384 847 sufficiant.
423 801 546 858 -Quae
566 803 600 844 si
621 803 789 845 minoris
815 804 1007 844 momenti
1037 803 1443 845 fortassevideantur
1468 817 1575 857 esse,
1596 817 1713 858 quam
1742 816 1888 844 revera
1915 809 2030 852 sunt,

169 885 415 930 permagnus
442 884 635 914 numerus
666 886 805 913 eorum
833 872 1116 927 exemplorum
1141 885 1288 913 caussa
1314 879 1392 923 est,
1419 872 1459 913 in
1488 872 1631 926 quibus
1658 872 1708 913 ab
1734 872 1784 913 iis
1812 870 2032 913 dissentire

167 943 330 983 videtur
355 940 596 983 Patavinus.
660 939 928 983 Periodorum
958 940 1025 982 vel
1060 948 1288 983 tortuosum
1328 941 1518 982 ambitum
1561 942 1704 995 (saepe
1733 940 1853 982 etiam
1881 940 2032 994 imper-

167 1012 352 1063 fectum),
391 1010 457 1052 vel
487 1011 707 1067 juncturae
734 1010 957 1066 quaesitam
989 1010 1301 1067 negligentiam,
1339 1010 1526 1052 similiter
1551 1010 1736 1052 cadentia
1765 1008 1915 1062 verba,
1950 1008 2029 1061 bis,

166 1090 251 1132 ter,
303 1088 448 1136 quater
487 1080 526 1122 in
571 1080 683 1121 brevi
725 1077 1008 1122 enuntiatione
1053 1080 1248 1135 repetita,
1287 1080 1509 1135 exprobrat
1533 1078 1754 1121 Walchius
1794 1078 2030 1120 Emendatt.

166 1149 333 1194 Liviae.
358 1165 394 1207 p.
421 1149 479 1206 3.‚
506 1157 547 1193 et
574 1147 735 1207 Grysar
759 1149 900 1207 paucis
928 1149 1129 1206 exemplis
1154 1149 1334 1193 illustrat
1362 1149 1388 1192 l.
1414 1150 1441 1192 l.
1468 1165 1504 1206 p.
1527 1147 1624 1192 XL.
1671 1147 1754 1192 Sed
1784 1149 1884 1191 baec
1908 1161 2031 1205 parva

167 1227 285 1263 sun-t:
316 1220 358 1262 in
384 1228 498 1262 tanto
522 1220 629 1262 enim
657 1220 977 1277 tamquetamplo
1003 1234 1125 1277 opere
1146 1220 1367 1263 Annalium
1395 1220 1632 1276 imperfecta
1656 1220 1908 1261 remansisse
1930 1233 2033 1260 non-

165 1290 278 1333 nulla
298 1302 416 1332 nemo
445 1304 690 1346 magnopere
712 1290 937 1333 mirabitur.
985 1288 1124 1347 Majus
1148 1297 1189 1331 et
1211 1291 1261 1331 ad
1286 1291 1390 1331 hanc
1412 1290 1692 1345 quaestionem
1719 1289 2031 1332 convenientius

165 1359 205 1402 id
226 1366 305 1416 est,
333 1359 439 1416 quod
467 1360 650 1402 nominat
667 1358 869 1416 Handius,
894 1358 1079 1402 Turseli.
1117 1358 1212 1403 Vol.
1233 1357 1263 1401 1.
1287 1374 1327 1416 p.
1349 1359 1433 1415 93,
1461 1359 1655 1402 insolenti
1683 1358 2028 1416 praepositionum

165 1437 207 1470 et
240 1429 436 1484 peculiari
475 1419 551 1471 usn
587 1428 750 1471 Livium
791 1429 1011 1471 excellere.
1082 1428 1212 1484 Quem
1247 1430 1379 1471 iocum
1418 1444 1538 1485 quum
1572 1427 1828 1471 Rreiznerus
1861 1430 1902 1470 in
1929 1427 2031 1470 Pro-

164 1504 389 1558 grammate
416 1512 491 1541 suo
519 1499 605 1541 fere
632 1498 827 1541 intactum
857 1497 1084 1555 reliquerit,
1113 1498 1253 1555 paucis
1282 1511 1372 1541 eum
1402 1512 1641 1555 persequar.

173 1558 178 1564 ⁴
304 1566 403 1610 Non
439 1581 534 1610 raro
564 1575 696 1610 autem
726 1568 950 1610 doctissimi
989 1568 1168 1610 editores
1206 1568 1329 1610 nimia
1369 1582 1490 1622 cura,
1528 1576 1571 1610 ut
1597 1582 1677 1622 qua
1714 1569 1867 1611 trutina
1907 1569 2027 1622 alios,

166 1638 306 1679 eadem
336 1637 498 1678 unicum
519 1636 682 1679 Livium
708 1637 1008 1692 examinarent,
1035 1638 1238 1692 propriam
1268 1639 1356 1693 ejus
1384 1637 1558 1679 indolem
1587 1636 1628 1678 in
1658 1637 1719 1679 his
1742 1638 2026 1680 minutissimis

166 1705 377 1763 particulis
406 1706 694 1762 neglexerunt.
755 1705 961 1763 Exemplo
989 1713 1053 1749 est
1080 1706 1195 1750 locus
1223 1707 1292 1749 ille
1320 1706 1361 1748 in
1385 1705 1498 1763 Epit.
1524 1704 1558 1749 1.
1589 1714 1781 1763 „pontem
1809 1702 2026 1750 sublicium

164 1776 214 1818 in
240 1775 471 1819 Tiberim
497 1775 646 1831 fecit“,
674 1783 717 1818 et
731 1773 789 1832 L,
813 1776 885 1819 33.
912 1776 1017 1832 „sed
1035 1776 1156 1818 etiam
1175 1776 1227 1818 ob
1247 1776 1571 1818 commoditatem
1597 1776 1757 1820 itineris
1788 1784 1918 1833 ponte
1937 1776 2032 1819 sub-

163 1846 259 1889 licio
293 1853 374 1889 tum
403 1846 573 1903 primum
603 1846 644 1888 in
673 1844 856 1888 Tiberim
893 1845 1056 1889 facto.“
1112 1845 1285 1889 Veteres
1320 1845 1412 1889 libri
1451 1853 1689 1889 constanter
1712 1847 1784 1904 „in
1813 1845 2029 1889 Tiberim“

165 1915 361 1958 exhibent
404 1923 445 1957 et
481 1917 543 1958 ed.
581 1915 817 1958 Alschefski
850 1916 876 1957 l.
905 1915 929 1957 l.
967 1915 1160 1958 Attamen
1199 1915 1586 1971 Drakenborchius,
1621 1916 1685 1957 vir
1723 1931 1918 1973 magnus,
1955 1918 2027 1972 „in

166 1985 341 2030 Tibul-11⁴
367 1986 555 2043 scripsit,
593 1986 697 2043 quod
735 1984 879 2043 Nepos
915 1985 1021 2029 Mitt.
1048 1985 1087 2029 3.
1123 1985 1351 2043 „pontem“
1387 1985 1483 2028 fecit.
1518 1985 1562 2027 in
1600 1983 1708 2028 Istro
1749 1986 1961 2043 flumine“‚
1987 1995 2028 2028 et

165 2054 327 2100 Caesar
348 2054 399 2099 B.
425 2054 476 2098 G.
504 2054 552 2112 }.,
581 2056 650 2099 13.
679 2064 871 2112 „pontem
900 2056 941 2099 in
970 2052 1110 2099 Arare
1147 2056 1375 2099 faciendum
1407 2054 1557 2098 curat“
1595 2056 1873 2112 scripsissent.
1941 2055 2026 2099 Sed

167 2140 359 2180 quorsum
395 2126 530 2168 haee?
582 2124 639 2168 Ut
665 2126 832 2168 liberam
868 2132 1108 2183 potestatem
1135 2124 1245 2167 Livii
1271 2126 1313 2167 iu
1341 2125 1711 2181 praepositionibus
1740 2140 1833 2168 esse
1863 2127 2028 2168 demon-

166 2202 315 2248 strem,
351 2210 434 2238 non
464 2210 544 2251 quo
572 2195 796 2252 vituperem
824 2195 1223 2252 Drakenborchium,
1259 2197 1377 2253 eujus
1411 2195 1613 2251 studium,
1647 2196 1879 2252 ingenium,
1911 2195 2027 2238 indu-

166 2265 322 2308 steiam.
342 2263 464 2308 etiam
500 2271 621 2322 atque
661 2265 782 2308 etiam
823 2266 1026 2319 admiror,
1074 2265 1317 2308 admirabor.
1392 2263 1483 2306 Hoc
1531 2271 1666 2307 autem
1714 2280 1803 2308 cum
1838 2264 2027 2308 Draken-

164 2333 331 2377 borcbi'o
364 2348 584 2391 assevero,
621 2335 753 2378 solum
780 2332 944 2378 Livium
985 2335 1201 2391 scripsisse
1234 2332 1447 2387 xxvn„
1482 2334 1564 2391 11.,
1598 2334 1636 2377 8.
1672 2349 1755 2391 „ex
1780 2335 2026 2377 auctoritate

167 2413 323 2460 pati-nm
359 2404 518 2448 latum
555 2405 605 2448 in
647 2405 839 2461 plebem
879 2414 943 2449 est
980 2404 1200 2462 plebesque
1237 2404 1404 2461 seivit“,
1442 2404 1623 2462 reliquos
1664 2419 1762 2448 vero
1797 2412 1839 2448 et
1861 2403 2028 2449 Livium

165 2472 296 2529 ipsum
324 2473 420 2517 alibi
448 2474 528 2532 (lt,
551 2475 612 2528 2.,
640 2475 710 2517 11.
742 2474 803 2532 11.‚
827 2476 887 2532 4.,
911 2475 973 2530 6.)
998 2474 1156 2517 dixisse
1180 2475 1320 2533 „ferre
1348 2474 1398 2516 ad
1427 2474 1599 2531 plebem,
1625 2475 1674 2515 ad
1699 2474 1939 2532 consules“,
1972 2477 2025 2516 ef.

166 2541 379 2587 Drakenb-
390 2546 440 2588 ad
465 2546 548 2588 l.l.:
577 2546 754 2600 itemque
778 2561 896 2588 inore
913 2560 990 2588 suo
1015 2545 1172 2595 dixisse
1192 2544 1426 2600 xxxvl„
1444 2546 1506 2598 5.,
1534 2545 1576 2588 3.
1605 2546 1895 2600 „conciliatam
1924 2547 2026 2589 satis

169 2612 300 2670 apud
328 2621 498 2673 regem
524 2613 729 2673 gratiam“
754 2621 796 2658 et
809 2612 1048 2668 xxxin„
1073 2612 1172 2669 46„
1203 2613 1247 2659 7.
1273 2620 1496 2673 „qumtam
1524 2627 1573 2657 eo
1598 2615 1706 2657 facto
1739 2614 1797 2657 ad
1829 2614 2025 2672 plebem

166 2682 315 2726 inierat
336 2685 555 2741 gratiam“,
584 2700 704 2741 quum
726 2693 891 2742 recepta
907 2685 1079 2728 formula
1103 2686 1158 2728 sit
1183 2685 1266 2742 „ab
1287 2685 1423 2742 aliquo
1442 2685 1547 2728 inire
1569 2686 1791 2742 gratiau“,
1818 2686 1936 2741 „sicli
1959 2686 2022 2727 bei
