2362 3151
333 874 511 970 Initium
540 926 673 969 denuo
701 926 931 979 scribendi,
963 933 1007 968 nt
1031 926 1313 983 quaestionem
1340 940 1469 968 meam
1502 926 1565 968 his
1593 927 1861 983 interruptam
1889 930 2048 971 tandem

194 996 446 1050 absolvam(
465 996 581 1053 capio
620 1012 643 1039 a
681 994 836 1054 Georg.
873 995 1039 1041 Ludov.
1078 995 1278 1040 Walchio
1318 1003 1358 1039 et
1389 993 1545 1040 Carolo
1583 994 1792 1054 Reisigio,
1839 997 2047 1055 magistris

193 1065 296 1109 meis
328 1066 394 1122 pie
420 1066 615 1110 colendis.
677 1064 754 1109 Ille
780 1066 912 1120 enim,
950 1064 1042 1109 Jac.
1070 1064 1352 1108 Facciolatum
1389 1073 1581 1118 secutus,
1615 1067 1656 1107 in
1683 1066 2050 1110 Emendationibus

192 1135 399 1190 Liviauis,
429 1136 613 1180 Berolini
643 1136 766 1180 1815.
794 1137 913 1180 editis
942 1151 982 1192 p.
1007 1137 1050 1179 4.
1087 1135 1270 1197 „Neque
1295 1136 1494 1192 reperias,
1525 1136 1672 1193 inquit,
1702 1137 1959 1194 scriptorem,
1985 1162 2054 1172 —

192 1206 235 1249 in
265 1206 344 1262 quo
381 1214 441 1249 tot
468 1220 492 1249 e
515 1212 720 1250 vetustate
745 1206 984 1262 adsumpta,
1023 1205 1088 1248 vel
1125 1219 1178 1253 ex
1206 1205 1432 1249 imitatione
1460 1203 1714 1250 Graecorum
1754 1221 1859 1249 nove
1892 1215 1930 1250 et
1959 1222 2048 1250 cum

193 1275 376 1333 periculo
412 1275 519 1317 dicta
550 1275 733 1318 insolens
768 1276 864 1331 <fuid
899 1274 942 1316 et
967 1275 1224 1331 peregrinum
1263 1278 1469 1317 soneut“:
1512 1276 1577 1316 hic
1611 1289 1660 1316 eo
1685 1276 1813 1328 libro,
1838 1277 1918 1331 ‘qui
1945 1276 2051 1318 Vor-

192 1346 393 1401 lesungen
430 1346 530 1387 iiber
565 1344 805 1387 lateiniscbe
842 1342 1296 1400 Sprachwissenschaft
1332 1344 1592 1396 inscribitur,
1631 1345 1738 1386 edito
1774 1361 1795 1386 a
1832 1342 1870 1387 F
1874 1346 2047 1388 riderico

191 1413 364 1466 Haasio,
392 1413 445 1456 V.
476 1412 547 1466 D„
577 1412 746 1469 Lipsiae
777 1412 900 1457 1839.
926 1427 966 1469 p.
991 1412 1061 1457 49.
1088 1413 1152 1456 sic
1179 1413 1318 1458 docet:
1343 1412 1524 1466 „Livius
1553 1413 1623 1456 hat
1649 1427 1767 1457 zwar
1791 1413 2051 1457 Beredtsam-

191 1484 278 1527 keit
302 1484 383 1526 und
407 1481 545 1526 Feuer
570 1483 622 1525 im
650 1481 853 1539 Vortrage
879 1482 1019 1526 seiner
1041 1473 1289 1537 Gedanken3
1321 1482 1443 1526 allein
1471 1497 1557 1526 was
1584 1483 1648 1525 die
1670 1482 1948 1541 Bearbeitnng
1976 1485 2048 1527 der

193 1552 378 1609 Sprache
403 1549 533 1594 se'lbst
553 1552 718 1603 betrifft,
746 1566 792 1592 so
817 1552 891 1606 gilt
918 1552 1093 1599 dai-iiber
1119 1553 1190 1593 das
1212 1551 1373 1594 Urtheil
1402 1554 1472 1594 des
1496 1553 1665 1595 Asinius
1690 1552 1840 1604 Pollio,
1867 1555 2049 1595 welcher

191 1624 320 1666 selbst
345 1638 399 1665 zu
425 1621 545 1664 Ende
574 1623 646 1664 der
671 1620 891 1677 Republik,
921 1637 975 1664 zu
1004 1619 1152 1664 Zeiten
1181 1621 1252 1665 des
1277 1617 1491 1677 Augustus
1518 1620 1641 1675 lebte,
1672 1621 1766 1665 dass
1792 1622 1967 1666 niimlich
1994 1622 2046 1666 im

191 1689 339 1737 Livius
378 1689 441 1737 die
475 1688 727 1735 Pataviniti-it
762 1689 982 1744 herrsche,
1032 1689 1105 1732 der
1137 1688 1509 1733 Provinzialismus
1547 1690 1618 1731 der
1654 1688 1789 1732 Gallia
1820 1690 2047 1747 Cisalpina.

191 1762 334 1804 Padua
376 1762 551 1803 niimlich
595 1762 706 1801 hatte
748 1761 959 1801 allerhand
995 1760 1241 1801 Ausdriicke
1279 1762 1360 1801 und
1400 1761 1710 1811 Redensarten,
1757 1763 1915 1803 welche
1964 1764 2051 1803 seru

190 1847 334 1876 waren
361 1846 442 1874 von
472 1832 543 1874 der
568 1829 799 1873 romischen
828 1827 1095 1873 Urbanitatf‘

332 1899 437 1945 Cum
484 1901 535 1943 iis
582 1900 681 1942 facit
718 1897 769 1942 C.
807 1897 847 1941 J.
879 1897 1062 1955 Grysar,
1107 1898 1161 1940 V.
1202 1899 1277 1950 D„
1326 1899 1394 1954 qui
1443 1906 1582 1954 partes
1628 1900 1805 1941 selectas
1853 1902 2047 1942 librorum

190 1972 459 2015 Livianorum
507 1970 631 2013 edidit
669 1968 937 2013 vindobonae
977 1968 1102 2012 1854.
1177 1967 1229 2010 {n
1268 1968 1521 2025 praefatione
1557 1968 1777 2012 voluminis
1824 1970 1973 2026 prioris
2011 1986 2048 2027 p.

188 2039 514 2087 XXXVIL—
542 2038 640 2084 XL.
700 2037 976 2088 Patavinitate
1016 2045 1122 2081 tacta
1158 2037 1419 2094 liberiorique
1454 2038 1614 2080 dicendi
1649 2037 1809 2081 ratione
1836 2040 2050 2082 historico-

188 2127 295 2166 rum,
323 2110 446 2153 Livio
475 2111 581 2153 haud
611 2124 755 2165 pauca,
784 2123 888 2165 quae
916 2109 966 2151 ad
992 2107 1244 2151 Graecorum
1269 2108 1605 2150 consuetudinem
1633 2108 1791 2150 dicendi
1814 2111 2047 2152 revocanda

188 2183 287 2234 sint,
315 2180 513 2222 attribuit.
570 2178 638 2220 Ex
666 2179 825 2234 quibus,
857 2191 961 2232 quae
989 2178 1204 2233 suppleant
1230 2178 1417 2232 exempla
1444 2192 1466 2217 a
1490 2191 1554 2218 me
1578 2176 1732 2219 Partic.
1762 2176 1794 2218 Ι.
1823 2179 2047 2233 proposita,

188 2252 354 2293 nomino
381 2250 499 2291 haec.
545 2243 798 2291 Graecorum
837 2249 942 2290 enim
978 2255 1074 2290 sunt
1108 2246 1333 2303 particulae
1361 2245 1629 2289 substantivis
1658 2245 1716 2289 ita
1741 2248 1975 2303 appositae,
2005 2255 2049 2291 ut

187 2320 269 2363 vim
302 2318 595 2376 adjectivorum
633 2317 856 2374 accipiant,
897 2315 1023 2358 veluti
1059 2316 1164 2372 apud
1203 2314 1366 2358 Livium
1397 2313 1487 2369 Vl„
1528 2315 1600 2359 21.
1638 2323 1714 2368 „et
1748 2316 2046 2359 adhortatio

187 2389 411 2432 invicem
438 2394 565 2429 totam
591 2391 771 2444 pervasit
797 2386 976 2437 aciem“‚
1007 2386 1102 2427 coll.
1127 2385 1280 2427 Partic.
1310 2384 1343 2428 1.
1371 2400 1411 2440 p.
1437 2384 1505 2427 10.
1530 2385 1677 2437 „circa
1705 2388 1895 2428 omnia“:
1930 2401 2052 2443 grae-

187 2474 278 2503 cum
306 2467 370 2503 est
398 2473 465 2516 ap.
493 2456 590 2501 Liv.
616 2455 746 2510 vlit,
775 2455 846 2500 39.
877 2454 1098 2510 „bellum
1126 2454 1331 2498 bellare
1372 2455 1501 2508 hoc“,
1538 2470 1610 2512 pro
1643 2454 1826 2513 „bellum
1854 2459 2053 2513 gerere“,

188 2528 276 2572 sive
314 2528 498 2583 „bellum
525 2529 742 2584 puguare“
771 2541 836 2583 ap.
874 2524 1021 2568 Horat.
1049 2523 1128 2569 od.
1153 2523 1248 2579 111„
1277 2525 1364 2577 19„
1393 2526 1460 2567 4.=
1501 2540 1675 2581 graecus
1712 2533 1775 2568 est
1811 2541 1910 2569 usus
1942 2528 2056 2584 geni-

186 2598 270 2640 tivi.
295 2613 361 2655 ap.
401 2597 494 2640 Liv.
520 2597 593 2650 V.,
633 2596 702 2640 11.
739 2596 966 2652 „trepidi
1003 2610 1169 2638 rerum
1203 2610 1432 2648 suarum,
1473 2602 1557 2651 pro'
1580 2597 1663 2649 „de
1689 2596 1810 2640 rebus
1845 2597 1985 2651 suis“‚
2020 2605 2061 2639 et

185 2665 414 2721 XXXVI„
444 2667 529 2721 31„
562 2680 680 2724 quem
708 2667 847 2711 eodem
883 2665 1002 2709 modo
1037 2665 1252 2723 usurpavit
1279 2664 1479 2723 Virgilius
1512 2666 1619 2710 Aen.
1646 2664 1764 2719 xil„
1793 2666 1891 2712 588.
1925 2681 2056 2725 „apes

405 2766 410 2771 -
1758 2744 1778 2782 1
