2362 3151
2001 173 2034 220 7

173 321 462 368 admittendum
502 327 629 364 esset.
685 318 1053 377 „Perborrida
1089 319 1169 363 situ
1200 314 1375 377 stagna“
1412 320 1532 363 obvia
1565 326 1658 362 sunt
1684 316 2036 374 xxn.‚16.‚4.‚

171 390 511 447 ‘semigravis
544 390 748 446 reperitur
777 388 941 441 XXV„
961 390 1034 433 24.
1055 390 1098 432 2.
1127 396 1229 444 ,,11111
1250 390 1370 446 3011111
1393 391 1488 432 vino
1514 397 1655 441 erant,
1691 396 1761 430 aut
1783 387 2036 447 semigraves

172 457 409 520 potabant“
437 459 611 539 denique
635 458 1064 517 semigermanus
1088 457 1231 544 XXI„
1253 459 1342 517 38.,
1361 459 1404 503 8.
1434 459 1606 516 „utique
1629 458 1823 515 obsaepta
1845 456 2035 515 gentibus

169 529 478 588 semigermanis
499 529 724 573 fuissent“.
2041 547 2046 551 -

312 598 396 642 Sed
420 601 469 642 de
495 599 718 642 insolentia
743 600 958 641 verborum
986 600 1088 641 satis
1122 600 1247 642 multa
1282 599 1483 653 diximus,
1517 601 1565 641 ad
1604 597 2034 641 construction'is

170 671 219 714 in
235 668 447 712 solenti
464 683 535 711 am
561 667 929 725 transgrediamur.
984 665 1047 711 De
1073 682 1150 725 qua
1176 683 1295 725 quum
1324 668 1584 712 consentiant
1606 667 1682 710 viri
1708 667 1832 724 docti,
1857 665 1925 723 qui
1946 666 2035 709 sive

168 741 208 783 in
237 739 352 780 libris
376 738 652 794 grammaticis
680 738 879 779 rationem
894 737 1110 779 Livianam
1138 740 1467 794 adscripserunt,
1492 739 1579 781 sive
1605 739 1647 779 in
1673 737 1917 779 editionibus
1945 751 2033 778 eam

168 809 456 864 respexerunt,
480 808 573 851 sive
590 807 809 863 separatim
827 820 914 850 eam
940 807 1144 864 per-secuti
1164 815 1282 850 sunt:
1311 808 1411 851 satis
1431 808 1559 850 11311οο
1579 820 1784 864 apponere
1797 804 2035 861 Rreizneri,

170 877 221 922 V.
248 875 333 933 CIL,
364 877 588 934 judicium,
625 876 692 933 qui
716 877 757 919 in
780 874 1089 933 Programmate
1112 877 1280 933 saepius
1302 877 1466 920 laudato
1495 878 1554 920 sic
1579 878 1721 920 scribit
1746 892 1786 932 p.
1816 876 1905 921 16.=
1955 874 2034 931 „Iu

169 947 278 988 omni
300 946 500 989 orationis
537 954 766 1001 structura,
802 946 889 988 sive
927 945 1111 1002 ratione,
1146 961 1224 1002 qua
1249 948 1389 988 variae
1413 948 1502 1003 ejus
1529 955 1664 1002 partes
1688 947 1798 988 inter
1822 960 1868 988 se
1887 959 2037 988 conve-

169 1017 310 1074 niunt,
348 1016 602 1074 alterumque
630 1016 680 1058 ab
708 1015 840 1059 altero
860 1015 1025 1070 verbum
1055 1022 1260 1073 mutatur,
1294 1016 1465 1060 aliorum
1502 1016 1735 1059 auctoritati
1758 1014 1905 1058 Livius
1929 1014 2035 1057 haud

168 1086 397 1142 obnoxius,
431 1086 537 1127 viam
573 1086 650 1128 sibi
685 1086 887 1141 propriam
924 1085 1196 1141 ingreditur“.
1268 1085 1388 1141 Quod
1415 1087 1611 1143 judicium
1647 1094 1785 1128 tamen
1810 1085 1929 1127 nimis
1953 1085 2035 1126 late

168 1163 308 1212 patere
335 1155 549 1198 arbitror:
597 1162 708 1197 recte
742 1155 900 1212 quidem
938 1169 987 1197 eo
1023 1155 1245 1212 significari
1284 1153 1501 1199 Ciceronis
1536 1163 1577 1198 et
1601 1155 1713 1199 Livii
1745 1156 1785 1197 in
1823 1155 1917 1197 stilo
1956 1154 2040 1197 dis-

168 1225 417 1280 crepantiam
441 1228 644 1280 magliam,
668 1224 937 1281 coercendum
959 1232 1093 1266 tamen
1119 1225 1179 1267 sic
1204 1239 1314 1277 esse,
1340 1233 1382 1267 111
1400 1224 1621 1268 Cornelius
1634 1225 1794 1281 Nepos,
1817 1223 2035 1280 Virgilius,

164 1293 307 1350 Plinii,
336 1294 443 1351 1111011
465 1294 567 1336 miro
592 1294 710 1335 modo
733 1294 935 1336 interdum
960 1308 1050 1335 cum
1075 1292 1197 1336 Livio
1226 1295 1502 1351 consentiant,
1537 1295 1585 1337 de
1610 1309 1659 1336 00
1682 1294 1912 1350 excipiendi
1941 1307 2035 1336 esse

147 1364 399 1406 ‘videantun
474 1362 537 1406 De
560 1377 729 1419 quorum
756 1376 962 1406 consensu
986 1363 1028 1405 in
1056 1364 1181 1407 certis
1209 1364 1446 1421 quibusdam
1464 1365 1600 1407 verbis
1624 1379 1732 1406 nunc
1754 1363 1922 1406 dicetur.

302 1432 415 1476 Mira
449 1440 511 1475 est
548 1433 768 1476 consensio
796 1431 907 1475 Livii
933 1441 974 1475 et
995 1431 1173 1489 Nepotis
1205 1434 1247 1476 in
1276 1449 1374 1476 non
1406 1434 1598 1477 dubito.
1671 1432 1803 1491 Cujus
1838 1441 2033 1476 constans

166 1510 206 1545 et
229 1510 425 1559 perpetua
451 1502 704 1545 constructio
736 1493 840 1544 baec
879 1510 964 1555 est,
1001 1509 1045 1544 nt
1079 1503 1182 1558 apud
1227 1501 1431 1559 Nepotem
1465 1503 1707 1546 infinitivum
1746 1510 1828 1545 tum
1870 1517 2031 1558 quoque

166 1572 244 1614 sibi
283 1570 512 1623 adsciscat,
554 1585 675 1626 quum
713 1571 916 1627 significet
953 1571 1050 1623 „ich
1094 1572 1254 1613 zweifle
1293 1572 1461 1614 nicht“:
1499 1580 1540 1614 at
1565 1571 1737 1625 Cicero,
1778 1572 1938 1627 quando
1975 1572 2030 1622 id,

167 1641 270 1697 qnod
314 1640 422 1690 dixi,
463 1640 688 1696 significat,
730 1639 1019 1697 conjunctione
1045 1640 1167 1696 quin
1197 1655 1285 1683 cum
1316 1642 1578 1698 conjunctivo
1618 1642 1766 1692 utitur,
1816 1648 2030 1683 reservato

166 1710 367 1752 1111111111ῦο
394 1710 444 1751 311
470 1709 640 1751 alterum
670 1710 761 1766 ejus
790 1709 1061 1766 significatum
1091 1710 1189 1763 „ich
1218 1718 1334 1767 trage
1358 1710 1454 1753 kein
1482 1709 1756 1753 Bedenken.“
1804 1708 2032 1752 Lambinus

167 1781 271 1823 hanc
311 1793 396 1823 rem
432 1779 601 1835 primum
639 1779 891 1822 observavit‘
911 1779 1250 1837 observatumque
1283 1781 1325 1823 in
1362 1781 1617 1837 praefatione
1643 1779 1821 1836 Nepotis
1857 1795 2037 1836 pronun-

169 1844 310 1893 ciavit.
385 1847 525 1892 Semel
562 1856 718 1893 tantum
752 1846 927 1902 Cicero,
967 1856 1159 1906 quantum
1194 1850 1305 1903 scio,
1345 1850 1387 1892 in
1426 1849 1560 1907 Epist.
1604 1851 1654 1893 ad
1689 1851 1817 1893 Attio.
1841 1848 1954 1903 vll„
1995 1850 2033 1891 1.

168 1918 446 1976 ,‚Pompejus,
485 1918 640 1975 inquit,
682 1933 762 1960 non
803 1918 959 1960 dubitat
993 1913 1112 1980 (vere
1149 1919 1255 1961 enim
1284 1920 1463 1976 judicat)
1497 1933 1568 1971 ea,
1609 1934 1713 1975 quae
1748 1921 1796 1961 de
1824 1920 2032 1975 republica

167 1989 333 2043 sentiat,
360 1989 456 2032 mihi
478 1988 597 2032 valde
619 1988 834 2045 probari“,
860 1987 1060 2032 infinitivo
1086 2002 1184 2032 usus
1207 1994 1270 2032 est
1291 2003 1344 2032 ex
1367 1989 1608 2032 confusione
1632 1988 1842 2032 notionum
1868 1996 2037 2047 propter

169 2059 406 2115 ,‚judicat“‚
447 2060 551 2114 quod
588 2059 816 2114 proximum
854 2065 932 2100 est.
996 2057 1153 2106 Noster
1181 2065 1314 2100 autem
1340 2057 1488 2119 Ljvius
1513 2072 1637 2114 saepe
1663 2073 1752 2100 cum
1777 2058 1943 2114 Nepote
1971 2060 2031 2100 sic

167 2128 395 2171 insolenter
430 2128 672 2184 loquebatur
696 2126 857 2180 XXII„
882 2126 968 2179 55„
995 2127 1038 2169 2.
1078 2141 1242 2183 „neque
1271 2128 1377 2169 enim
1406 2127 1666 2181 dubitabant,
1705 2128 1848 2170 deletis
1871 2129 2034 2170 exerci-

170 2198 293 2252 tibus,
319 2198 475 2241 hostem
498 2198 547 2240 ad
572 2198 880 2254 oppugnandam
906 2186 1095 2250 Romam,
1135 2197 1240 2253 quod
1264 2212 1388 2240 unum
1415 2212 1518 2254 opus
1544 2198 1640 2241 belli
1661 2205 1853 2251 restaret,
1886 2205 2033 2241 ventu-

170 2269 308 2309 rum“:
357 2263 627 2319 XXXVIII„
657 2266 701 2310 6.
724 2274 835 2309 extr.
876 2266 1017 2319 „hand
1051 2266 1213 2308 dubium
1244 2274 1357 2320 erat,
1390 2268 1621 2324 expugnari
1645 2280 1769 2324 opera
1796 2268 2029 2323 potuisse“:

170 2335 394 2390 XXVIIL,
433 2337 520 2389 24„
541 2345 650 2379 extr.
677 2334 910 2389 XXXVI„
941 2336 1012 2379 41.
1050 2336 1144 2379 init.
1215 2335 1348 2380 Invito
1384 2337 1491 2393 enim
1516 2336 1655 2390 Livio,
1690 2338 1826 2390 credo,
1866 2337 2030 2390 accidit,

173 2412 216 2447 nt
236 2406 440 2450 interdum
465 2406 707 2450 urbanitatis
727 2406 893 2459 oblitus,
920 2405 1092 2463 patrium
1117 2420 1267 2465 morem
1291 2414 1551 2463 sequeretur.
1608 2405 1687 2450 Cff.
1712 2406 2031 2450 Drakenborch.

173 2482 215 2516 et
238 2474 414 2520 Fabi-Ius
438 2477 488 2519 ad
513 2476 609 2520 Liv.
638 2474 800 2528 XXII„
829 2476 918 2529 55„
944 2476 989 2519 2.
1035 2475 1184 2519 Horat.
1211 2475 1399 2519 Tursell.
1425 2478 1490 2520 011.
1517 2476 1753 2521 Schwartz.
1779 2492 1821 2533 p.
1846 2475 1949 2521 909.

312 2544 509 2603 Sequitur
536 2546 760 2590 infinitivus
797 2545 961 2603 generis
1000 2546 1153 2602 passivi
1183 2547 1233 2589 ad
1269 2547 1417 2604 coepi
1457 2548 1695 2606 adjunctus,
1732 2547 1800 2603 qui
1828 2547 1951 2605 vulgo
1981 2548 2030 2589 ad

176 2623 377 2674 „coeptus
400 2619 498 2661 eet“
525 2616 772 2675 adjungitur,
803 2616 919 2674 cujus
938 2614 1101 2670 Livius,
1129 2614 1290 2675 Nepos,
1319 2615 1482 2661 Plinius
1510 2615 1589 2678 (N.
1606 2616 1658 2661 fl.
1676 2615 1813 2671 XV1.‚
1835 2618 1922 2675 44„
1939 2616 2033 2671 88.)

175 2699 267 2728 rara
296 2688 484 2744 exempla
513 2687 722 2744 praebent.
791 2685 937 2742 Nepos
966 2685 1155 2743 Epamin.
1188 2686 1255 2730 10.
1287 2695 1551 2744 „postquam,
1579 2689 1649 2740 ait,
1680 2688 1784 2744 apud
1812 2686 2027 2731 Cadmeam
